<?xml version="1.0" encoding="UTF-8"?><collection xmlns="http://www.loc.gov/MARC21/slim"><record><leader>00655nam--2200181-i-4500</leader><controlfield tag="001">000046723</controlfield><controlfield tag="002">20161230</controlfield><controlfield tag="005">20170110225339</controlfield><controlfield tag="008">060222s1000------------r-----000-0-fre-d</controlfield><datafield ind1=" " ind2=" " tag="040"><subfield code="a">IFIN-HH</subfield></datafield><datafield ind1=" " ind2=" " tag="041"><subfield code="a">fre</subfield></datafield><datafield ind1=" " ind2=" " tag="080"><subfield code="a">532.5(043)</subfield></datafield><datafield ind1="1" ind2=" " tag="100"><subfield code="a">Wacongne, Sophie</subfield></datafield><datafield ind1="1" ind2="0" tag="245"><subfield code="a">Correlations spatio-temporelles des fluctuazions longitudinales de vitesse dans la zone inertielle de la couche de surface atmospherique. Comparison directe des fonctions de structure spatiale et temporelles</subfield><subfield code="b">These</subfield><subfield code="c">Sophie Wacongne</subfield></datafield><datafield ind1=" " ind2=" " tag="260"><subfield code="a">Paris</subfield><subfield code="b">Universite Pierre Et Marie Curie</subfield><subfield code="c">1980</subfield></datafield><datafield ind1=" " ind2=" " tag="300"><subfield code="a">VIII+153 p</subfield></datafield><datafield ind1=" " ind2=" " tag="852"><subfield code="a">70567</subfield><subfield code="c">532</subfield></datafield><datafield ind1=" " ind2=" " tag="CAT"><subfield code="a">SYS</subfield><subfield code="c">20170110</subfield><subfield code="h">225339</subfield></datafield></record></collection>